@book{tenenbaum,
  author="Gérald Tenenbaum",
  publisher="Belin",
  title="Introduction à la théorie analytique et probabiliste des nombres",
  YEAR="2014"
}

@misc{standord,
  author="Adam Harper and Tony Feng",
  institution="Stanford University",
  title="Riemann's Zeta Function",
  note="Available at \url{https://web.stanford.edu/~tonyfeng/riemann_zeta.pdf}",
  year="2014"
}